@Booklet{2LIN,
  title =	 {TooLinux},
  OPTkey =	 {2LIN},
  OPTauthor =	 {TooLinux},
  OPThowpublished ={Site internet},
  OPTaddress =	 {http://www.toolinux.com/lininfo/reperes/historique/},
  OPTmonth =	 {},
  OPTyear =	 {2002},
  OPTnote =	 {},
  OPTannote =	 {}
}

@Booklet{APRIL,
  title =	 {Association pour la Promotion et la Recherche en
                  Informatique Libre},
  OPTkey =	 {APRIL},
  OPTauthor =	 {Benjamin Drieu},
  OPThowpublished ={},
  OPTaddress =	 {http://www.april.org},
  OPTmonth =	 {},
  OPTyear =	 {2002},
  OPTnote =	 {Site internet},
  OPTannote =	 {}
}

@BOOK{DICINFO,
  author =	 "Pierre MORVAN",
  title =	 "Dictionnaire de l'Informatique",
  publisher =	 "Larousse",
  year =	 1988
}

@Book{GICL,
  ALTauthor =	 {Christian CASTEYDE},
  ALTeditor =	 {Free Software Fondation},
  title =	 {Guide d'installation et de configuration de Linux},
  publisher =	 {Christian CASTEYDE},
  year =	 {2002},
  OPTkey =	 {},
  OPTvolume =	 {},
  OPTnumber =	 {},
  OPTseries =	 {},
  OPTaddress =
                  {http://casteyde.christian.free.fr/system/linux/guide},
  OPTedition =	 {},
  OPTmonth =	 {},
  OPTnote =	 {},
  OPTannote =	 {}
}

@Book{GPM,
  ALTauthor =	 {Alexandre Aupetit},
  ALTeditor =	 {Alexandre Aupetit},
  title =	 {Le guide du pingouin migrateur... ou comment passer
                  de Windows à Linux},
  publisher =	 {http://home.alex.tuxfamily.org/guide/migrateur.html},
  year =	 {2001},
  OPTkey =	 {},
  OPTvolume =	 {},
  OPTnumber =	 {},
  OPTseries =	 {},
  OPTaddress =	 {},
  OPTedition =	 {},
  OPTmonth =	 {},
  OPTnote =	 {},
  OPTannote =	 {}
}

@Book{PASE,
  ALTauthor =	 {A. SILBERSCHATZ, P. GALVIN, G. GAGNE},
  ALTeditor =	 {Vuibert},
  title =	 {Principes appliqués des systèmes d'exploitation
                  (avec Java)},
  publisher =	 {Vuibert Informatique},
  year =	 {2001},
  OPTkey =	 {PASE},
  OPTvolume =	 {},
  OPTnumber =	 {},
  OPTseries =	 {},
  OPTaddress =	 {},
  OPTedition =	 {},
  OPTmonth =	 {},
  OPTnote =	 {},
  OPTannote =	 {}
}

@Booklet{RUTE,
  title =	 {LINUX : Rute User's Tutorial and Exposition},
  OPTkey =	 {RUTE},
  OPTauthor =	 {Paul SHEER},
  OPThowpublished ={},
  OPTaddress =	 {http://rute.sourceforge.net},
  OPTmonth =	 {},
  OPTyear =	 {2002},
  OPTnote =	 {Site internet},
  OPTannote =	 {}
}

@Booklet{LEA,
  title = 	 {Léa Book},
  OPTkey = 	 {LEA},
  OPTauthor = 	 {Serge Tchesmeli, Jean Christophe Cardot, Frédéric Bonnaud, contributions de Eric Bénard et Sébastien Kalt},
  OPThowpublished = {Site internet},
  OPTaddress = 	 {http://www.lea-linux.org},
  OPTmonth = 	 {09},
  OPTyear = 	 {2000},
  OPTnote = 	 {},
  OPTannote = 	 {}
}

@Booklet{ATRID,
  title = 	 {COURS LINUX - Installation et administration},
  OPTkey = 	 {ATRID},
  OPTauthor = 	 {ATRID Systèmes},
  OPThowpublished = {Site internet},
  OPTaddress = 	 {http://www.atrid.fr/},
  OPTmonth = 	 {10},
  OPTyear = 	 {1997},
  OPTnote = 	 {},
  OPTannote = 	 {}
}


